@book{Alice,
  author    = "Carroll, L.", 
  title     = "Alice's Adventures in Wonderland", 
  publisher = "Macmillan", 
  year      = "1865"
}
@misc{AngularWebpage,
  title = {AngularJS Homepage},
  howpublished = {\url{https://angularjs.org/}},
  note = {Accessed: 2016-03-16}
}
@misc{d3Webpage,
  title = {D3.js Homepage},
  howpublished = {\url{https://d3js.org/}},
  note = {Accessed: 2016-03-16}
}